02RETORNO01COBRANCA       866800009353        FAPEU                         341BANCO ITAU S.A.06052401600BPI03340070524                                                                                                                                                                                                                                                                                   000001
10283476911000117866800009353        0413493                  20002634            109200026347             I09060524000041349320002634            19032400000000181503417709999000000000017500000000000000000000000000000000000000000000000000000000000000000000000000017500000000000000000000000000         00000000000000000000000FREITAG ANALISES AMBIENTAIS E                                         000002
10283476911000117866800009353        0415073                  20002664            109200026644             I09060524000041507320002664            01042400000001450003417709999000000000017500000000000000000000000000000000000000000000000000000000000000000000000000017500000000000000000000000000         00000000000000000000000FREITAG ANALISES AMBIENTAIS E                                         000003
10283476911000117866800009353                                 00000009            157000000095             I02060524000016212 00000009            200524000000000800034105488  000000000000000000000000000000000000000000000000000000000000000000000000000000000000000000000000000000000000000000000         00000000000000000000000ASTRA MEDICAL SUPPLY PRODUTOS                                         000004
10283476911000117866800009353                                 00000009            157000000095             I75060524000016212 00000009            200524000000000000034105488  000000000000000000000000000000000000000000000000000000000000000000000000000000000000000000000000000000000000000000000         00000000000000000000000ASTRA MEDICAL SUPPLY PRODUTOS                                         000005
10283476911000117866800009353        083476911000117000002240500084719            176000847198             I06060524000000004000000048            05052400000001600000011607101000000000017500000000000000000000000000000000000000000000000000000000000000000000000015982500000000000000000000000000   07052400000000000000000000000RENATA CRISTINA GASPARINO                                           B3000008
10283476911000117866800009353        083476911000117000002240500084720            176000847206             I06060524000008472000084720            05052400000000100000013480101000000000017500000000000000000000000000000000000000000000000000000000000000000000000000982500000000000000000000000000   07052400000000000000000000000MARIANA PASSOS RAMALHETE-42837                                      B1000009
10283476911000117866800009353        083476911000117000002240500084726            176000847263             I06060524000008472600084726            07052400000000350000011607101000000000017500000000000000000000000000000000000000000000000000000000000000000000000003482500000000000000000000000000   07052400000000000000000000000MELINE ROSSETTO KRON RODRIGUES                                      B3000010
10283476911000117866800009353        083476911000117000002240500084728            176000847289             I06060524000008472800084728            07052400000000070002600001801000000000017500000000000000000000000000000000000000000000000000000000000000000000000000682500000000000000000000000000   07052400000000000000000000000NATAN CONRADO                                                       B1000011
10283476911000117866800009353        083476911000117000002240500084729            176000847297             I06060524000008472900084729            08052400000000100002600001801000000000017500000000000000000000000000000000000000000000000000000000000000000000000000982500000000000000000000000000   07052400000000000000000000000ALINE DOS SANTOS CAROLINO-4284                                      B1000012
10283476911000117866800009353        083476911000117000002240500084731            176000847313             I06060524000008473100084731            08052400000000110000012684901000000000017500000000000000000000000000000000000000000000000000000000000000000000000001082500000000000000000000000000   07052400000000000000000000000NAYLANE ARAUJO MATOS                                                B1000013
10283476911000117866800009353        083476911000117000002240570035433            176700354339             I06060524007003543370035433            04052400000008079753410050501000000000017500000000000000000000000000000000000000000000000000000000000000000000000080780000000000000000000000000000   07052400000000000000000000000LUIZ GUILHERME SARTORI & CIA L                                      BL000014
10283476911000117866800009353        083476911000117000002240570035465            176700354651             I06060524007003546570035465            02062400000006000000013174001000000000017500000000000000000000000000000000000000000000000000000000000000000000000059982500000000000000000000000000   07052400000000000000000000000FUNDAA A O CBPP TARTARUGAS MAR                                      B1000015
10283476911000117866800009353        083476911000117000002240570035466            176700354669             I06060524007003546670035466            08052400000002000000010540501000000000017500000000000000000000000000000000000000000000000000000000000000000000000019982500000000000000000000000000   07052400000000000000000000000ELAINE VIRMOND/FAPESC/2021TR21                                      B1000016
9201341          000000000000000000000000000000          000000000000000000000000000000                                                  000000000000000000000000000000          0000012400000033306591  07/05S033400000001500000002042339                                                                                                                                                                000017
